@article{risticDistributedRangeOnlyLocalisation2023,
  title = {Distributed {{Range-Only Localisation That Preserves Sensor}} and {{Navigator Privacies}}},
  author = {Ristic, Marko and Noack, Benjamin and Hanebeck, Uwe D.},
  year = {2023},
  journal = {IEEE Transactions on Automatic Control (TAC)},
  pages = {1--12},
  issn = {1558-2523},
  doi = {10.1109/TAC.2023.3263740},
  keywords = {Cryptography,Data privacy,Encryption,Estimation,extended kalman filter,Kalman filters,Navigation,Privacy,Protocols,sensor fusion,state estimation},
  file = {C\:\\Users\\ristic\\Zotero\\storage\\6XL9R7H5\\Ristic et al. - 2023 - Distributed Range-Only Localisation That Preserves.pdf;C\:\\Users\\ristic\\Zotero\\storage\\DQTGAVSQ\\10089476.html}
}

@inproceedings{risticPrivilegedEstimateFusion2022,
  title = {Privileged {{Estimate Fusion With Correlated Gaussian Keystreams}}},
  booktitle = {61st {{IEEE Conference}} on {{Decision}} and {{Control}} ({{CDC}})},
  author = {Ristic, Marko and Noack, Benjamin},
  year = {2022},
  pages = {7732--7739},
  doi = {10.1109/CDC51059.2022.9993240},
  keywords = {Costs,Cryptography,Estimation,Gain measurement,Noise measurement,Privacy,Task analysis},
  file = {C\:\\Users\\ristic\\Zotero\\storage\\GXNHXFPT\\Ristic and Noack - 2022 - Privileged Estimate Fusion With Correlated Gaussia.pdf;C\:\\Users\\ristic\\Zotero\\storage\\ULZGKIJE\\stamp.html}
}

@inproceedings{risticEncryptedFastCovariance2022,
  title = {Encrypted {{Fast Covariance Intersection Without Leaking Fusion Weights}}},
  booktitle = {{{IEEE International Conference}} on {{Multisensor Fusion}} and {{Integration}} for {{Intelligent Systems}} ({{MFI}})},
  author = {Ristic, Marko and Noack, Benjamin},
  year = {2022},
  pages = {1--6},
  doi = {10.1109/MFI55806.2022.9913840},
  keywords = {Cloud computing,Computational modeling,Encryption,Estimation,Intelligent systems,Task analysis,Weather forecasting},
  file = {C\:\\Users\\ristic\\Zotero\\storage\\G34YPWIH\\Ristic and Noack - 2022 - Encrypted Fast Covariance Intersection Without Lea.pdf;C\:\\Users\\ristic\\Zotero\\storage\\RRIUU6AH\\stamp.html}
}

@misc{risticDoktorandentag,
  title= {Data {Confidentiality} for {Distributed} {Sensor} {Fusion}},
  author = {Ristic, Marko},
  year = {2022},
  note = {Presented at {OVGU} {Doktorandentag}}
}

@article{risticCryptographicallyPrivilegedState2022,
  title = {Cryptographically {{Privileged State Estimation With Gaussian Keystreams}}},
  author = {Ristic, Marko and Noack, Benjamin and Hanebeck, Uwe D.},
  year = {2022},
  journal = {IEEE Control Systems Letters (L-CSS)},
  volume = {6},
  pages = {602--607},
  issn = {2475-1456},
  doi = {10.1109/LCSYS.2021.3084405},
  keywords = {Channel estimation,Computational modeling,Cryptography,Encrypted state estimation,Estimation,Kalman filtering,Noise measurement,State estimation,stream ciphers,Time measurement},
  file = {C\:\\Users\\ristic\\Zotero\\storage\\2JPV7RUU\\Ristic et al. - 2022 - Cryptographically Privileged State Estimation With.pdf;C\:\\Users\\ristic\\Zotero\\storage\\GKUDG6XV\\9442826.html}
}

@misc{risticCDC21,
  title= {{Cryptographically} {Privileged} {State} {Estimation} {With} {Gaussian} {Keystreams}},
  author = {Ristic, Marko},
  year = {2021},
  note = {Presented at {Conference} on {Decision} and {Control} {(CDC)}}
}

@article{risticSecureFastCovariance2021,
  title = {Secure {{Fast Covariance Intersection Using Partially Homomorphic}} and {{Order Revealing Encryption Schemes}}},
  author = {Ristic, Marko and Noack, Benjamin and Hanebeck, Uwe D.},
  year = {2021},
  journal = {IEEE Control Systems Letters (L-CSS)},
  volume = {5},
  number = {1},
  pages = {217--222},
  issn = {2475-1456},
  doi = {10.1109/LCSYS.2020.3000649},
  keywords = {Cloud computing,covariance intersection,Covariance matrices,Encoding,Encryption,homomorphic encryption,Privacy,secure estimation,Sensor fusion},
  file = {C\:\\Users\\ristic\\Zotero\\storage\\WI549EQC\\Ristic et al. - 2021 - Secure Fast Covariance Intersection Using Partiall.pdf}
}

@misc{risticCDC20,
  title= {{Secure} {Fast} {Covariance} {Intersection}},
  author = {Ristic, Marko},
  year = {2020},
  note = {Presented at {Conference} on {Decision} and {Control} {(CDC)}}
}



